%% This BibTeX bibliography file was created using BibDesk.
%% https://bibdesk.sourceforge.io/

%% Created for Daniel McDonald at 2021-06-18 18:01:02 -0700 
%% Saved with string encoding Unicode (UTF-8) 

@misc{ILINet,
	author = {for Disease Control, Centers and Prevention},
	date-modified = {2021-06-18 15:22:05 -0700},
	title = {National, Regional, and State Level Outpatient Illness and Viral Surveillance},
	year = {2013},
	Bdsk-Url-1 = {https://gis.cdc.gov/grasp/fluview/fluportaldashboard.html}}

@article{Kass-Hout:2012,
	author = {Kass-Hout, Taha A and Xu, Zhiheng and McMurray, Paul and Park, Soyoun and Buckeridge, David L and Brownstein, John S and Finelli, Lyn and Groseclose, Samuel L},
	date-modified = {2021-06-18 15:22:05 -0700},
	journal = {Journal of the American Medical Informatics Association},
	number = {6},
	pages = {1075--1081},
	title = {Application of change point analysis to daily influenza-like illness emergency department visits},
	volume = {19},
	year = {2012},
	Bdsk-Url-1 = {https://doi.org/10.1136/amiajnl-2011-000793}}

@article{Dong:2020,
	author = {Dong, Ensheng and Du, Hongru and Gardner, Lauren},
	date-modified = {2021-06-18 15:22:05 -0700},
	journal = {The Lancet Infectious Diseases},
	number = {5},
	pages = {533--534},
	title = {An interactive web-based dashboard to track {COVID}-19 in real time},
	volume = {20},
	year = {2020},
	Bdsk-Url-1 = {https://doi.org/10.1016/S1473-3099(20)30120-1}}

@article{Kreuter:2020,
	author = {Kreuter, Frauke and Barkay, Neta and Bilinski, Alyssa and Bradford, Adrianne and Chiu, Samantha and Eliat, Roee and Fan, Junchuan and Galili, Tal and Haimovich, Daniel and Kim, Brian and LaRocca, Sarah and Li, Yao and Morris, Katherine and Presser, Stanley and Sarig, Tal and Salomon, Joshua A and Stewart, Kathleen and Stuart, Elizabeth A and Tibshirani, Ryan J},
	date-modified = {2021-06-18 15:22:05 -0700},
	journal = {Survey Research Methods},
	number = {2},
	pages = {159--163},
	title = {Partnering with a global platform to inform research and public policy making},
	volume = {14},
	year = {2020},
	Bdsk-Url-1 = {https://doi.org/10.18148/srm/2020.v14i2.7761}}

@misc{CovidcastR,
	author = {{Delphi Research Group}},
	date-modified = {2021-06-18 15:22:05 -0700},
	howpublished = {\url{https://cmu-delphi.github.io/covidcast/covidcastR}},
	title = {{covidcast: R Client for Delphi's COVIDcast Epidata API}},
	year = {2020},
	Bdsk-Url-1 = {https://cmu-delphi.github.io/covidcast/covidcastR}}

@misc{CovidcastPy,
	author = {{Delphi Research Group}},
	date-modified = {2021-06-18 15:22:05 -0700},
	howpublished = {\url{https://cmu-delphi.github.io/covidcast/covidcast-py/html/}},
	title = {{COVIDcast Python API client}},
	year = {2020},
	Bdsk-Url-1 = {https://cmu-delphi.github.io/covidcast/covidcast-py/html/}}

@misc{CovidcastAPI,
	author = {{Delphi Research Group}},
	date-modified = {2021-06-18 15:22:05 -0700},
	howpublished = {\url{https://cmu-delphi.github.io/delphi-epidata/api/covidcast.html}},
	title = {{COVIDcast Epidata API}},
	year = {2020},
	Bdsk-Url-1 = {https://cmu-delphi.github.io/delphi-epidata/api/covidcast.html}}

@misc{CovidcastViz,
	author = {{Delphi Research Group}},
	date-modified = {2021-06-18 15:22:05 -0700},
	howpublished = {\url{https://delphi.cmu.edu/covidcast/}},
	title = {{Welcome to COVIDcast}},
	year = {2020},
	Bdsk-Url-1 = {https://delphi.cmu.edu/covidcast/}}

@misc{DelphiSurvey,
	author = {{Delphi Research Group}},
	date-modified = {2021-06-18 15:22:05 -0700},
	howpublished = {\url{https://cmu-delphi.github.io/delphi-epidata/symptom-survey/}},
	title = {{COVID} Symptom Survey},
	year = {2020},
	Bdsk-Url-1 = {https://cmu-delphi.github.io/delphi-epidata/symptom-survey/}}

@misc{USAFacts,
	author = {USAFacts},
	date-modified = {2021-06-18 15:22:05 -0700},
	howpublished = {\url{https://usafacts.org/visualizations/coronavirus-covid-19-spread-map/}},
	title = {{US COVID}-19 cases and deaths by state},
	year = {2020},
	Bdsk-Url-1 = {https://usafacts.org/visualizations/coronavirus-covid-19-spread-map/}}

@misc{NYTimes,
	author = {Times, New York},
	date-modified = {2021-06-18 15:22:05 -0700},
	howpublished = {\url{https://www.nytimes.com/interactive/2021/us/covid-cases.html}},
	title = {Coronavirus in the {U.S.}: Latest Map and Case Count},
	year = {2020},
	Bdsk-Url-1 = {https://www.nytimes.com/interactive/2021/us/covid-cases.html}}

@misc{GoogleSymptoms,
	author = {Google},
	date-modified = {2021-06-18 15:22:05 -0700},
	howpublished = {\url{http://goo.gle/covid19symptomdataset}},
	title = {{COVID}-19 Search Trends symptoms dataset},
	year = {2020},
	Bdsk-Url-1 = {http://goo.gle/covid19symptomdataset}}

@misc{SafeGraphSocial,
	author = {SafeGraph},
	date-modified = {2021-06-18 15:22:05 -0700},
	howpublished = {\url{https://docs.safegraph.com/docs/social-distancing-metrics}},
	title = {Social Distancing Metrics},
	year = {2020},
	Bdsk-Url-1 = {https://docs.safegraph.com/docs/social-distancing-metrics}}

@misc{SafeGraphPatterns,
	author = {SafeGraph},
	date-modified = {2021-06-18 15:22:05 -0700},
	howpublished = {\url{https://docs.safegraph.com/docs/weekly-patterns}},
	title = {Weekly Patterns},
	year = {2020},
	Bdsk-Url-1 = {https://docs.safegraph.com/docs/weekly-patterns}}

@misc{CovidActNow,
	author = {{COVID Act Now}},
	date-modified = {2021-06-18 15:22:05 -0700},
	howpublished = {\url{https://covidactnow.org}},
	title = {{COVID} Risk \& Vaccine Tracker},
	year = {2020},
	Bdsk-Url-1 = {https://covidactnow.org}}

@misc{CovidExitStrategy,
	author = {{COVID Exit Strategy}},
	date-modified = {2021-06-18 15:22:05 -0700},
	howpublished = {\url{https://www.covidexitstrategy.org}},
	title = {Tracking Our {COVID}-19 Response},
	year = {2020},
	Bdsk-Url-1 = {https://www.covidexitstrategy.org}}

@misc{IHMEProj,
	author = {{Institute for Health Metrics and Evaluation}},
	date-modified = {2021-06-18 15:22:05 -0700},
	howpublished = {\url{https://covid19.healthdata.org}},
	title = {{COVID}-19 Projections},
	year = {2021},
	Bdsk-Url-1 = {https://covid19.healthdata.org}}

@article{Brooks:2018,
	author = {Brooks, Logan C and Farrow, David C and Hyun, Sangwon and Tibshirani, Ryan J and Rosenfeld, Roni},
	date-modified = {2021-06-18 15:22:05 -0700},
	journal = {PLOS Computational Biology},
	number = {6},
	pages = {e1006134},
	title = {Nonmechanistic forecasts of seasonal influenza with iterative one-week-ahead distributions},
	volume = {14},
	year = {2018},
	Bdsk-Url-1 = {https://doi.org/10.1371/journal.pcbi.1006134}}

@phdthesis{Brooks:2020,
	author = {Brooks, Logan C},
	date-modified = {2021-06-18 15:22:05 -0700},
	school = {Carnegie Mellon University},
	title = {Pancasting: forecasting epidemics from provisional data},
	year = {2020},
	Bdsk-Url-1 = {http://reports-archive.adm.cs.cmu.edu/anon/2020/abstracts/20-100.html}}

@article{Reich:2019,
	author = {Reich, Nicholas G and Brooks, Logan C and Fox, Spencer J and Kandula, Sasikiran and McGowan, Craig J and Moore, Evan and Osthus, Dave and Ray, Evan L and Tushar, Abhinav and Yamana, Teresa K and Biggerstaff, Matthew and Johansson, Michael A and Rosenfeld, Roni and Shaman, Jeffrey},
	date-modified = {2021-06-18 15:22:05 -0700},
	journal = {Proceedings of the National Academies of Sciences},
	number = {8},
	pages = {3146--3154},
	title = {A collaborative multiyear, multimodel assessment of seasonal influenza forecasting in the {U}nited {S}tates},
	volume = {116},
	year = {2019},
	Bdsk-Url-1 = {https://doi.org/10.1073/pnas.1812594116}}

@phdthesis{Farrow:2016,
	author = {Farrow, David C},
	date-modified = {2021-06-18 15:22:05 -0700},
	school = {Carnegie Mellon University},
	title = {Modeling the Past, Present, and Future of Influenza},
	year = {2016},
	Bdsk-Url-1 = {http://reports-archive.adm.cs.cmu.edu/anon/cbd/abstracts/16-101.html}}

@article{Ahmad:2020,
	author = {Ahmad, Imama and Flanagan, Ryan and Staller, Kyle},
	journal = {Clinical Gastroenterology and Hepatology},
	number = {12},
	pages = {2833--2834.e3},
	title = {Increased Internet Search Interest for {GI} Symptoms May Predict {COVID-19} Cases in {US} Hotspots},
	volume = {18},
	year = {2020}}

@article{Kogan:2021,
	author = {Kogan, Nicole E and Clemente, Leonardo and Liautaud, Parker and Kaashoek, Justin and Link, Nicholas B and Nguyen, Andre T and Lu, Fred S and Huybers, Peter and Resch, Bernd and Havas, Clemens and Petutschnig, Andreas and Davis, Jessica and Chinazzi, Matteo and Mustafa, Backtosch and Hanage, William P and Vespignani, Alessandro and Santillana, Mauricio},
	date-modified = {2021-06-18 15:22:05 -0700},
	journal = {Science Advances},
	number = {10},
	pages = {eabd6989},
	title = {An early warning approach to monitor {COVID}-19 activity with multiple digital traces in near real time},
	volume = {7},
	year = {2021},
	Bdsk-Url-1 = {https://doi.org/10.1126/sciadv.abd6989}}

@article{Santillana:2015,
	author = {Santillana, Mauricio and Nguyen, Andr{\'e} T and Dredze, Mark and Paul, Michael J and Nsoesie, Elaine O and Brownstein, John S},
	date-modified = {2021-06-18 15:22:05 -0700},
	journal = {PLOS Computational Biology},
	number = {10},
	pages = {e1004513},
	title = {Combining Search, Social Media, and Traditional Data Sources to Improve Influenza Surveillance},
	volume = {11},
	year = {2015},
	Bdsk-Url-1 = {https://doi.org/10.1371/journal.pcbi.1004513}}

@book{Kass-Hout:2011,
	author = {Kass-Hout, Taha A and Zhang, Xiaohui},
	publisher = {CRC Press},
	title = {Biosurveillance: Methods and Case Studies},
	year = {2011}}

@article{Kass-Hout:2013,
	author = {Kass-Hout, Taha A and Alhinnawi, Hend},
	date-modified = {2021-06-18 15:22:05 -0700},
	journal = {British Medical Bulletin},
	number = {1},
	pages = {5--24},
	title = {Social media in public health},
	volume = {108},
	year = {2013},
	Bdsk-Url-1 = {https://doi.org/10.1093/bmb/ldt028}}

@article{Salathe:2012,
	author = {Salath{\'e}, Marcel and Bengtsson, Linus and Bodnar, Todd J and Brewer, Devon D and Brownstein, John S and Buckee, Caroline and Campbell, Ellsworth M and Cattuto, Ciro and Khandelwal, Shashank and Mabry, Patricia L and Vespignani, Alessandro},
	date-modified = {2021-06-18 15:22:05 -0700},
	journal = {PLOS Computational Biology},
	number = {7},
	pages = {1--3},
	title = {Digital Epidemiology},
	volume = {8},
	year = {2012},
	Bdsk-Url-1 = {https://doi.org/10.1371/journal.pcbi.1002616}}

@article{Browstein:2009,
	author = {Brownstein, John S and Freifeld, Clark C and Madoff, Lawrence C},
	date-modified = {2021-06-18 15:22:05 -0700},
	journal = {New England Journal of Medicine},
	number = {21},
	pages = {2153--2157},
	title = {Digital Disease Detection --- Harnessing the Web for Public Health Surveillance},
	volume = {360},
	year = {2009},
	Bdsk-Url-1 = {https://doi.org/10.1056/NEJMp0900702}}

@inproceedings{Rodriguez:2021,
	author = {Rodr{\'\i}guez, Alexander and Tabassum, Anik and Cui, Jiaming and Xie, Jiajia and Ho, Javen and Agarwal, Pulak and Adhikari, Bijaya and Prakash, B Aditya},
	booktitle = {Proceedings of the AAAI Conference on Artificial Intelligence},
	pages = {15393--15400},
	title = {Deep{COVID}: An Operational Deep Learning-driven Framework for Explainable Real-time {COVID}-19 Forecasting},
	volume = {35},
	year = {2021}}

@article{Adjodah:2021,
	author = {Adjodah, Dhaval and Dinakar, Karthik and Chinazzi, Matteo and Fraiberger, Samuel P and Pentland, Alex and Bates, Samantha and Staller, Kyle and Vespignani, Alessandro and Bhatt, Deepak L},
	date-modified = {2021-06-18 15:22:05 -0700},
	title = {Association between {COVID}-19 Outcomes and Mask Mandates, Adherence, and Attitudes},
	year = {2021},
        journal = {PLoS ONE},
        volume = {16},
        number = {6},
        pages = {e0252315},
        doi = {10.1371/journal.pone.0252315},
	Bdsk-Url-1 = {https://doi.org/10.1101/2021.01.19.21250132}}

@unpublished{Pierri:2021,
	author = {Pierri, Francesco and Perry, Brea and DeVerna, Matthew R and Yang, Kai-Cheng and Flammini, Alessandro and Menczer, Filippo and Bryden, John},
	date-modified = {2021-06-18 15:22:05 -0700},
	note = {arXiv: 2104.10635},
	title = {The impact of online misinformation on {U.S.} {COVID}-19 vaccinations},
	year = {2021},
	Bdsk-Url-1 = {https://arxiv.org/abs/2104.10635}}

@misc{Jewell:2021,
	author = {Jewell, Sean and Futoma, Joseph and Hannah, Lauren and Miller, Andrew C and Foti, Nicholas J and Fox, Emily B},
	date-modified = {2021-06-18 15:22:05 -0700},
	title = {It's complicated: characterizing the time-varying relationship between cell phone mobility and {COVID}-19 spread in the {US}},
	year = {2021},
        volume = {12},
        number = {1090},
	Bdsk-Url-1 = {https://doi.org/10.1101/2021.04.24.21255827}}

@misc{Chakrabarti:2020,
	author = {Chakrabarti, Rajashri and Meyerson, Lindsay and Nober, William and Pinkovskiy, Maxim},
	date-modified = {2021-06-18 15:22:05 -0700},
	title = {The {A}ffordable {C}are {A}ct and the {COVID}-19 Pandemic: A Regression Discontinuity Analysis},
	year = {2020},
	Bdsk-Url-1 = {https://doi.org/10.2139/ssrn.3733129}}

@article{ArvisaisAnhalt:2021,
	author = {Arvisais-Anhalt, Simone and Lehmann, Christoph U and Park, Jason Y and Araj, Ellen and Holcomb, Michael and Jamieson, Andrew R and McDonald, Samuel and Medford, Richard J and Perl, Trish M and Toomay, Seth M and Hughes, Amy E and McPheeters, Melissa L and Basit, Mujeeb},
	date-modified = {2021-06-18 15:22:05 -0700},
	issn = {1058-4838},
	journal = {Clinical Infectious Diseases},
	month = {11},
	number = {6},
	pages = {920--923},
	title = {What the Coronavirus Disease 2019 ({COVID}-19) Pandemic Has Reinforced: The Need for Accurate Data},
	volume = {72},
	year = {2021},
	Bdsk-Url-1 = {https://doi.org/10.1093/cid/ciaa1686}}

@misc{Schechtman:2021,
	author = {Schechtman, Kara W},
	date-modified = {2021-06-18 15:22:05 -0700},
	howpublished = {COVID Tracking Project, \url{https://covidtracking.com/analysis-updates/federal-testing-datas-last-mile}},
	title = {Federal Testing Data's Last Mile},
	year = {2021},
	Bdsk-Url-1 = {https://covidtracking.com/analysis-updates/federal-testing-datas-last-mile}}

@misc{Simon:2021,
	author = {Simon, Sara},
	date-modified = {2021-06-18 15:22:05 -0700},
	howpublished = {COVID Tracking Project, \url{https://covidtracking.com/analysis-updates/three-covid-19-data-problems}},
	title = {Inconsistent Reporting Practices Hampered Our Ability to Analyze {COVID}-19 Data. {H}ere Are Three Common Problems We Identified},
	year = {2021},
	Bdsk-Url-1 = {https://covidtracking.com/analysis-updates/three-covid-19-data-problems}}

@misc{Palacios:2021,
	author = {Palacios, Joey},
	date-modified = {2021-06-18 15:22:05 -0700},
	howpublished = {Texas Public Radio, \url{https://www.tpr.org/news/2020-07-16/its-frustrating-bexar-county-adds-5-000-covid-19-cases-from-backlog-as-texas-disagrees-on-data}},
	title = {'{I}t's Frustrating': {B}exar {C}ounty Adds 5,000 {COVID}-19 Cases From Backlog As {T}exas Disagrees On Data},
	year = {2020},
	Bdsk-Url-1 = {https://www.tpr.org/news/2020-07-16/its-frustrating-bexar-county-adds-5-000-covid-19-cases-from-backlog-as-texas-disagrees-on-data}}

@article{Nouvellet:2021,
	author = {Nouvellet, Pierre and Bhatia, Sangeeta and Cori, Anne and Ainslie, Kylie E. C. and Baguelin, Marc and Bhatt, Samir and Boonyasiri, Adhiratha and Brazeau, Nicholas F. and Cattarino, Lorenzo and Cooper, Laura V. and Coupland, Helen and Cucunuba, Zulma M. and Cuomo-Dannenburg, Gina and Dighe, Amy and Djaafara, Bimandra A. and Dorigatti, Ilaria and Eales, Oliver D. and van Elsland, Sabine L. and Nascimento, Fabricia F. and FitzJohn, Richard G. and Gaythorpe, Katy A. M. and Geidelberg, Lily and Green, William D. and Hamlet, Arran and Hauck, Katharina and Hinsley, Wes and Imai, Natsuko and Jeffrey, Benjamin and Knock, Edward and Laydon, Daniel J. and Lees, John A. and Mangal, Tara and Mellan, Thomas A. and Nedjati-Gilani, Gemma and Parag, Kris V. and Pons-Salort, Margarita and Ragonnet-Cronin, Manon and Riley, Steven and Unwin, H. Juliette T. and Verity, Robert and Vollmer, Michaela A. C. and Volz, Erik and Walker, Patrick G. T. and Walters, Caroline E. and Wang, Haowei and Watson, Oliver J. and Whittaker, Charles and Whittles, Lilith K. and Xi, Xiaoyue and Ferguson, Neil M. and Donnelly, Christl A.},
	date-modified = {2021-06-18 15:22:05 -0700},
	journal = {Nature Communications},
	number = {1},
	pages = {1090},
	title = {Reduction in mobility and {COVID}-19 transmission},
	volume = {12},
	year = {2021},
	Bdsk-Url-1 = {https://doi.org/10.1038/s41467-021-21358-2}}

@article{Bonaccorsi:2020,
	author = {Bonaccorsi, Giovanni and Pierri, Francesco and Cinelli, Matteo and Flori, Andrea and Galeazzi, Alessandro and Porcelli, Francesco and Schmidt, Ana Lucia and Valensise, Carlo Michele and Scala, Antonio and Quattrociocchi, Walter and Pammolli, Fabio},
	date-modified = {2021-06-18 15:22:05 -0700},
	journal = {Proceedings of the National Academy of Sciences},
	number = {27},
	pages = {15530--15535},
	title = {Economic and social consequences of human mobility restrictions under {COVID}-19},
	volume = {117},
	year = {2020},
	Bdsk-Url-1 = {https://doi.org/10.1073/pnas.2007658117}}

@article{Doerr:2021,
	author = {Doerr, Alexa J},
	date-modified = {2021-06-18 15:22:05 -0700},
	journal = {Journal of Leadership \& Organizational Studies},
	title = {Locked (Down) and Loaded (Language): {E}ffect of Policy and Speech on {COVID}-19 Outcomes},
	volume = {1},
	year = {2021},
	Bdsk-Url-1 = {https://doi.org/10.1177/15480518211012404}}

@misc{EvalcastR,
	author = {{Delphi Research Group}},
	date-modified = {2021-06-18 15:26:06 -0700},
	howpublished = {\url{https://cmu-delphi.github.io/covidcast/evalcastR}},
	title = {{evalcast: Tools for Evaluating COVID Forecasters with Proper Data Versioning}},
	year = {2020},
	Bdsk-Url-1 = {https://cmu-delphi.github.io/covidcast/evalcastR}}

@book{Hyndman:2018,
	author = {Hyndman, Rob J and Athanasopoulos, George},
	publisher = {OTexts},
	title = {Forecasting: Principles and Practice},
	year = {2018}}

@misc{ForecastHub,
	author = {{Reich Lab}},
	date-modified = {2021-06-18 15:22:05 -0700},
	howpublished = {\url{https://covid19forecasthub.org}},
	title = {{The COVID-19 Forecast Hub}},
	year = {2020},
	Bdsk-Url-1 = {https://covid19forecasthub.org}}

@unpublished{Cramer:2021,
	author = {Cramer, Estee Y and Ray, Evan L and Lopez, Velma K and Bracher, Johannes and Brennen, Andrea and Rivadeneira, Alvaro J Castro and Gerding, Aaron and Gneiting, Tilmann and House, Katie H and Huang, Yuxin and Jayawardena, Dasuni and Kanji, Abdul H and Khandelwal, Ayush and Le, Khoa and M{\"u}hlemann, Anja and Niemi, Jarad and Shah, Apurv and Stark, Ariane and Wang, Yijin and Wattanachit, Nutcha and Zorn, Martha W and Gu, Youyang and Jain, Sansiddh and Bannur, Nayana and Deva, Ayush and Kulkarni, Mihir and Merugu, Srujana and Raval, Alpan and Shingi, Siddhant and Tiwari, Avtansh and White, Jerome and Woody, Spencer and Dahan, Maytal and Fox, Spencer and Gaither, Kelly and Lachmann, Michael and Meyers, Lauren Ancel and Scott, James G and Tec, Mauricio and Srivastava, Ajitesh and George, Glover E and Cegan, Jeffrey C and Dettwiller, Ian D and England, William P and Farthing, Matthew W and Hunter, Robert H and Lafferty, Brandon and Linkov, Igor and Mayo, Michael L and Parno, Matthew D and Rowland, Michael A and Trump, Benjamin D and Corsetti, Sabrina M and Baer, Thomas M and Eisenberg, Marisa C and Falb, Karl and Huang, Yitao and Martin, Emily T and McCauley, Ella and Myers, Robert L and Schwarz, Tom and Sheldon, Daniel and Gibson, Graham Casey and Yu, Rose and Gao, Liyao and Ma, Yian and Wu, Dongxia and Yan, Xifeng and Jin, Xiaoyong and Wang, Yu-Xiang and Chen, YangQuan and Guo, Lihong and Zhao, Yanting and Gu, Quanquan and Chen, Jinghui and Wang, Lingxiao and Xu, Pan and Zhang, Weitong and Zou, Difan and Biegel, Hannah and Lega, Joceline and Snyder, Timothy L and Wilson, Davison D and McConnell, Steve and Walraven, Robert and Shi, Yunfeng and Ban, Xuegang and Hong, Qi-Jun and Kong, Stanley and Turtle, James A and Ben-Nun, Michal and Riley, Pete and Riley, Steven and Koyluoglu, Ugur and DesRoches, David and Hamory, Bruce and Kyriakides, Christina and Leis, Helen and Milliken, John and Moloney, Michael and Morgan, James and Ozcan, Gokce and Schrader, Chris and Shakhnovich, Elizabeth and Siegel, Daniel and Spatz, Ryan and Stiefeling, Chris and Wilkinson, Barrie and Wong, Alexander and Gao, Zhifeng and Bian, Jiang and Cao, Wei and Ferres, Juan Lavista and Li, Chaozhuo and Liu, Tie-Yan and Xie, Xing and Zhang, Shun and Zheng, Shun and Vespignani, Alessandro and Chinazzi, Matteo and Davis, Jessica T and Mu, Kunpeng and Piontti, Ana Pastore y and Xiong, Xinyue and Zheng, Andrew and Baek, Jackie and Farias, Vivek and Georgescu, Andreea and Levi, Retsef and Sinha, Deeksha and Wilde, Joshua and Penna, Nicolas D and Celi, Leo A and Sundar, Saketh and Cavany, Sean and Espa{\~n}a, Guido and Moore, Sean and Oidtman, Rachel and Perkins, Alex and Osthus, Dave and Castro, Lauren and Fairchild, Geoffrey and Michaud, Isaac and Karlen, Dean and Lee, Elizabeth C and Dent, Juan and Grantz, Kyra H and Kaminsky, Joshua and Kaminsky, Kathryn and Keegan, Lindsay T and Lauer, Stephen A and Lemaitre, Joseph C and Lessler, Justin and Meredith, Hannah R and Perez-Saez, Javier and Shah, Sam and Smith, Claire P and Truelove, Shaun A and Wills, Josh and Kinsey, Matt and Obrecht, RF and Tallaksen, Katharine and Burant, John C and Wang, Lily and Gao, Lei and Gu, Zhiling and Kim, Myungjin and Li, Xinyi and Wang, Guannan and Wang, Yueying and Yu, Shan and Reiner, Robert C and Barber, Ryan and Gaikedu, Emmanuela and Hay, Simon and Lim, Steve and Murray, Chris and Pigott, David and Prakash, B Aditya and Adhikari, Bijaya and Cui, Jiaming and Rodr{\'\i}guez, Alexander and Tabassum, Anika and Xie, Jiajia and Keskinocak, Pinar and Asplund, John and Baxter, Arden and Oruc, Buse Eylul and Serban, Nicoleta and Arik, Sercan O and Dusenberry, Mike and Epshteyn, Arkady and Kanal, Elli and Le, Long T and Li, Chun-Liang and Pfister, Tomas and Sava, Dario and Sinha, Rajarishi and Tsai, Thomas and Yoder, Nate and Yoon, Jinsung and Zhang, Leyou and Abbott, Sam and Bosse, Nikos I and Funk, Sebastian and Hellewel, Joel and Meakin, Sophie R and Munday, James D and Sherratt, Katherine and Zhou, Mingyuan and Kalantari, Rahi and Yamana, Teresa K and Pei, Sen and Shaman, Jeffrey and Ayer, Turgay and Adee, Madeline and Chhatwal, Jagpreet and Dalgic, Ozden O and Ladd, Mary A and Linas, Benjamin P and Mueller, Peter and Xiao, Jade and Li, Michael L and Bertsimas, Dimitris and Lami, Omar Skali and Soni, Saksham and Bouardi, Hamza Tazi and Wang, Yuanjia and Wang, Qinxia and Xie, Shanghong and Zeng, Donglin and Green, Alden and Bien, Jacob and Hu, Addison J and Jahja, Maria and Narasimhan, Balasubramanian and Rajanala, Samyak and Rumack, Aaron and Simon, Noah and Tibshirani, Ryan J and Tibshirani, Rob and Ventura, Valerie and Wasserman, Larry and O{'}Dea, Eamon B and Drake, John M and Pagano, Robert and Walker, Jo W and Slayton, Rachel B and Johansson, Michael and Biggerstaff, Matthew and Reich, Nicholas G},
	date-modified = {2021-06-18 15:22:05 -0700},
	note = {medRxiv},
	title = {Evaluation of individual and ensemble probabilistic forecasts of {COVID}-19 mortality in the {US}},
	year = {2021},
	Bdsk-Url-1 = {https://doi.org/10.1101/2021.02.03.21250974}}

@article{Vaira:2020,
	author = {Vaira, Luigi A and Salzano, Giovanni and Deiana, Giovanna and De Riu, Giacomo},
	date-modified = {2021-06-18 18:01:02 -0700},
	issue = {7},
	journal = {The Laryngoscope},
	pages = {1787},
	title = {Anosmia and ageusia: {C}ommon findings in {COVID-19} patients},
	volume = {130},
	year = {2020}}

@article{Klopfen:2020,
	author = {Klopfenstein, T. and Kadiane-Oussou, N.J. and Toko, L. and Royer, P.-Y. and Lepiller, Q. and Gendrin, V. and Zayet, S.},
	journal = {M{\'e}decine et Maladies Infectieuses},
	number = {5},
	pages = {436--439},
	title = {Features of anosmia in {COVID-19}},
	volume = {50},
	year = {2020}}

@book{DartmouthHRR,
	address = {Chicago},
	author = {Wennberg, John E. and Cooper, Megan McAndrew},
	publisher = {American Hospital Publishing},
	title = {The Dartmouth Atlas of Health Care in the United States},
	year = {1998}}

@article{Koenker:1978,
	author = {Koenker, Roger and Bassett, Gilbert},
	journal = {Econometrica},
	number = {1},
	pages = {33--50},
	title = {Regression Quantiles},
	volume = {46},
	year = {1978}}

@book{Koenker:2005,
	author = {Koenker, Roger},
	publisher = {Cambridge University Press},
	title = {Quantile Regression},
	year = {2005}}

@article{Koenker:2006,
	author = {Koenker, Roger and Xiao, Zhijie},
	journal = {Journal of the American Statistical Association},
	number = {475},
	pages = {980--990},
	title = {Quantile Autoregression},
	volume = {101},
	year = {2006}}

@misc{Tibshirani:2020,
	author = {Tibshirani, Ryan J.},
	date-modified = {2021-06-18 15:22:05 -0700},
	howpublished = {\url{https://github.com/ryantibs/quantgen}},
	title = {quantgen: Tools for generalized quantile modeling},
	year = {2020},
	Bdsk-Url-1 = {https://github.com/ryantibs/quantgen}}

@article{Gneiting:2007,
	author = {Gneiting, Tilmann and Raftery, Adrian E},
	journal = {Journal of the American Statistical Association},
	number = {477},
	pages = {359--378},
	title = {Strictly Proper Scoring Rules, Prediction, and Estimation},
	volume = {102},
	year = {2007}}

@article{Bracher:2021,
	author = {Bracher, Johannes and Ray, Evan L. and Gneiting, Tilmann and Reich, Nicholas G},
	date-modified = {2021-06-18 15:22:05 -0700},
	journal = {PLOS Computational Biology},
	number = {2},
	pages = {1--15},
	title = {Evaluating epidemic forecasts in an interval format},
	volume = {17},
	year = {2021},
	Bdsk-Url-1 = {https://doi.org/10.1371/journal.pcbi.1008618}}

@unpublished{Bavadekar:2020,
	author = {Bavadekar, Shailesh and Dai, Andrew and Davis, John and Desfontaines, Damien and Eckstein, Ilya and Everett, Katie and Fabrikant, Alex and Flores, Gerardo and Gabrilovich, Evgeniy and Gadepalli, Krishna and Glass, Shane and Huang, Rayman and Kamath, Chaitanya and Kraft, Dennis and Kumok, Akim and Marfatia, Hinali and Mayer, Yael and Miller, Benjamin and Pearce, Adam and Perera, Irippuge Milinda and Ramachandran, Venky and Raman, Karthik and Roessler, Thomas and Shafran, Izhak and Shekel, Tomer and Stanton, Charlotte and Stimes, Jacob and Sun, Mimi and Wellenius, Gregory and and Masrour Zoghi},
	date-modified = {2021-06-18 15:22:05 -0700},
	note = {arXiv: 2009.01265},
	title = {Google {COVID}-19 Search Trends Symptoms Dataset: Anonymization Process Description},
	year = {2020},
	Bdsk-Url-1 = {https://arxiv.org/pdf/2009.01265.pdf}}

@article{Granger:1969,
	author = {Granger, C. W. J.},
	journal = {Econometrica},
	number = {3},
	pages = {424--438},
	title = {Investigating Causal Relations by Econometric Models and Cross-spectral Methods},
	volume = {37},
	year = {1969}}

@article{Diebold:2002,
	author = {Diebold, Francis X and Mariano, Robert S},
	date-modified = {2021-06-18 15:22:22 -0700},
	journal = {Journal of Business \& Economic Statistics},
	number = {1},
	pages = {134--144},
	title = {Comparing predictive accuracy},
	volume = {20},
	year = {2002}}

@article{McCraken:2007,
	author = {McCracken, Michael W},
	journal = {Journal of Econometrics},
	number = {2},
	pages = {719--752},
	title = {Asymptotics for out of sample tests of {G}ranger causality},
	volume = {140},
	year = {2007}}

@article{Diebold:2015,
	author = {Diebold, Francis X},
	journal = {Journal of Business \& Economic Statistics},
	number = {1},
	pages = {1--24},
	title = {Comparing predictive accuracy, twenty years later: A personal perspective on the use and abuse of Diebold--Mariano tests},
	volume = {33},
	year = {2015}}

@article{Stokes:2017,
	author = {Stokes, Patrick A. and Purdon, Patrick L.},
	journal = {Proceedings of the National Academy of Sciences},
	number = {34},
	pages = {E7063--E7072},
	title = {A study of problems encountered in {G}ranger causality analysis from a neuroscience perspective},
	volume = {114},
	year = {2017}}

@article{Lei:2018,
	author = {Lei, Jing and G'Sell, Max and Rinaldo, Alessandro and Tibshirani, Ryan J. and Wasserman, Larry},
	journal = {Journal of the American Statistical Association},
	number = {523},
	pages = {1094--1111},
	title = {Distribution-Free Predictive Inference for Regression},
	volume = {113},
	year = {2018}}

@article{Rinaldo:2019,
	author = {Rinaldo, Alessandro and Tibshirani, Ryan J. and Wasserman, Larry},
	journal = {Statistical Science},
	number = {4},
	pages = {599--603},
	title = {Comment: Statistical Inference from a Predictive Perspective},
	volume = {34},
	year = {2019}}

@unpublished{Williamsom:2020,
	author = {Williamson, Brian D and Gilbert, Peter B and Simon, Noah R and Carone, Marco},
	note = {arXiv: 2004.03683},
	title = {A unified approach for inference on algorithm-agnostic variable importance},
	year = {2020}}

@unpublished{Zhang:2020,
	author = {Zhang, Lu and Janson, Lucas},
	date-modified = {2021-06-18 18:00:03 -0700},
	note = {arXiv: 2007.01283},
	title = {Floodgate: {I}nference for model-free variable importance},
	year = {2020}}

@unpublished{Dai:2021,
	author = {Dai, Ben and Shen, Xiaotong and Pan, Wei},
	note = {arXiv: 2103.04985},
	title = {Significance tests of feature relevance for a blackbox learner},
	year = {2021}}

@unpublished{Fryer:2021,
	author = {Fryer, Daniel and Str{\"u}mke, Inga and Nguyen, Hien},
	date-modified = {2021-06-18 18:00:46 -0700},
	note = {arXiv: 2102.10936},
	title = {Shapley values for feature selection: {T}he good, the bad, and the axioms},
	year = {2021}}

@misc{NCHS,
	author = {{National Center for Health Statistics}},
	howpublished = {\url{https://www.cdc.gov/nchs/nvss/vsrr/COVID19/index.htm}},
	title = {Provisional Death Counts for Coronavirus Disease 2019 ({COVID}-19)},
	year = {2021}}

@unpublished{Kamarthi:2021,
	author = {Kamarthi, Harshavardhan and Rodr{\'\i}guez, Alexander and Prakash, B. Aditya},
	note = {arXiv: 2106.04420},
	title = {{Back2Future}: Leveraging Backfill Dynamics for Improving Real-time Predictions in Future},
	year = {2021}}

@inproceedings{Coston:2021,
	author = {Coston, Amanda and Guha, Neel and Ouyang, Derek and Lu, Lisa and Chouldechova, Alexandra and Ho, Daniel E.},
	booktitle = {Proceedings of the 2021 ACM Conference on Fairness, Accountability, and Transparency},
	date-modified = {2021-06-18 15:22:05 -0700},
	pages = {173--184},
	title = {Leveraging Administrative Data for Bias Audits: Assessing Disparate Coverage with Mobility Data for {COVID}-19 Policy},
	year = {2021},
	Bdsk-Url-1 = {https://doi.org/10.1145/3442188.3445881}}

@article{Rebeiro:2021,
title = {The Impact of State Mask-Wearing Requirements on the Growth of Coronavirus Disease 2019 Cases, Hospitalizations, and Deaths in the {U}nited {S}tates},
author = {Rebeiro, Peter F. and Aronoff, David M. and Smith, M. Kevin},
journal = {Clinical Infectious Diseases},
year = {2021},
pages = {ciab101}
}
